
@article{Brown58_HowShallAThingBeCalled,
	Author = {Brown, Roger},
	Journal = {Psychological review},
	Number = {1},
	Pages = {14},
	Title = {How shall a thing be called?},
	Volume = {65},
	Year = {1958}}

@inproceedings{GrafEtAl16_BasicLevel,
	Author = {Graf, Caroline and Degen, Judith and Hawkins, Robert X. D. and Goodman, Noah D},
	Booktitle = {Proceedings of the 38th Annual Conference of the {C}ognitive {S}cience {S}ociety},
	Editor = {Papafragou, A. and Grodner, D. and Mirman, D. and Trueswell, J.C.},
	Title = {Animal, dog, or dalmatian? Level of abstraction in nominal referring expressions},
	Year = {2016}}


@incollection{Partee95_LexicalSemanticsCompositionality,
	Address = {Cambridge, MA},
	Author = {Partee, Barbara},
	Booktitle = {An invitation to cognitive science, Part I: Language},
	Chapter = {11},
	Editor = {Gleitman, Lila R and Liberman, Mark},
	Pages = {311--360},
	Publisher = {MIT Press},
	Title = {Lexical semantics and compositionality},
	Year = {1995}}


@article{RoschMervisGray___BoyesBraem76_BasicObjects,
	Author = {Rosch, Eleanor and Mervis, Carolyn B and Gray, Wayne D and Johnson, David M and Boyes-Braem, Penny},
	Journal = {Cognitive psychology},
	Number = {3},
	Pages = {382--439},
	Title = {Basic objects in natural categories},
	Volume = {8},
	Year = {1976}}


@article{XuTenenbaum07_WordLearningBayesian,
	Author = {Xu, Fei and Tenenbaum, Joshua B},
	Journal = {Psychological review},
	Number = {2},
	Pages = {245},
	Title = {Word learning as Bayesian inference.},
	Volume = {114},
	Year = {2007}}


@article{GalantucciGarrod11_ExperimentalSemiotics,
	Author = {Galantucci, Bruno and Garrod, Simon},
	Journal = {Frontiers in human neuroscience},
	Pages = {11},
	Title = {Experimental semiotics: a review},
	Volume = {5},
	Year = {2011}}

@article{VanDeemterEtAl12_ReferenceProduction,
	Author = {Van Deemter, Kees and Gatt, Albert and Van Gompel, Roger PG and Krahmer, Emiel},
	Journal = {Topics in cognitive science},
	Number = {2},
	Pages = {166--183},
	Title = {Toward a computational psycholinguistics of reference production},
	Volume = {4},
	Year = {2012}}


@article{WintersKirbySmith14_LanguagesAdapt,
	Author = {Winters, James and Kirby, Simon and Smith, Kenny},
	Journal = {Language and Cognition},
	Pages = {1--35},
	Title = {Languages adapt to their contextual niche},
	Year = {2014}}
