%% This BibTeX bibliography file was created using BibDesk.
%% http://bibdesk.sourceforge.net/

%% Created for rxdh at 2016-02-01 02:06:56 -0800 


%% Saved with string encoding Unicode (UTF-8) 



@article{RegierKempKay15_WordMeaningsEfficientCommunication,
	Author = {Regier, Terry and Kemp, Charles and Kay, Paul},
	Journal = {The handbook of language emergence},
	Pages = {237--263},
	Title = {Word meanings across languages support efficient communication},
	Year = {2015}}

@article{RegierCarstensenKemp16_WordsForSnow,
	Author = {Regier, Terry and Carstensen, Alexandra and Kemp, Charles},
	Journal = {PloS one},
	Number = {4},
	Pages = {e0151138},
	Title = {Languages support efficient communication about the environment: Words for snow revisited},
	Volume = {11},
	Year = {2016}}

@article{Brown58_HowShallAThingBeCalled,
	Author = {Brown, Roger},
	Journal = {Psychological review},
	Number = {1},
	Pages = {14},
	Title = {How shall a thing be called?},
	Volume = {65},
	Year = {1958}}

@article{Cruse77_PragmaticsLexicalSpecificity,
	Author = {Cruse, D Alan},
	Journal = {Journal of linguistics},
	Number = {02},
	Pages = {153--164},
	Title = {The pragmatics of lexical specificity},
	Volume = {13},
	Year = {1977}}

@article{WintersKirbySmith14_LanguagesAdapt,
	Author = {Winters, James and Kirby, Simon and Smith, Kenny},
	Journal = {Language and Cognition},
	Pages = {1--35},
	Title = {Languages adapt to their contextual niche},
	Year = {2014}}

@article{KirbyTamarizCornishSmith15_CompressionCommunication,
	Author = {Kirby, Simon and Tamariz, Monica and Cornish, Hannah and Smith, Kenny},
	Journal = {Cognition},
	Pages = {87--102},
	Title = {Compression and communication in the cultural evolution of linguistic structure},
	Volume = {141},
	Year = {2015}}

@article{XuTenenbaum07_WordLearningBayesian,
	Author = {Xu, Fei and Tenenbaum, Joshua B},
	Journal = {Psychological review},
	Number = {2},
	Pages = {245},
	Title = {Word learning as Bayesian inference.},
	Volume = {114},
	Year = {2007}}

@inproceedings{GrafEtAl16_BasicLevel,
	Author = {Graf, Caroline and Degen, Judith and Hawkins, Robert XD and Goodman, Noah D},
	Booktitle = {Proceedings of the 38th Annual Conference of the {C}ognitive {S}cience {S}ociety},
	Title = {Animal, dog, or dalmatian? Level of abstraction in nominal referring expressions},
	Year = {2016}}
